@book{rl,
  title={Reinforcement learning: An introduction},
  author={Sutton, Richard S and Barto, Andrew G},
  volume={1},
  number={1},
  year={1998},
  publisher={Cambridge Univ Press}
}

@article{rothkopf2013modular,
  title={Modular inverse reinforcement learning for visuomotor behavior},
  author={Rothkopf, Constantin A and Ballard, Dana H},
  journal={Biological cybernetics},
  volume={107},
  number={4},
  pages={477--490},
  year={2013},
  publisher={Springer}
}
